<record><leader>00000cas a2200000 a 4500</leader><controlfield tag="001">12327142</controlfield><controlfield tag="008">850731d186u190umiuwr ne      0    0eng c</controlfield><datafield ind1=" " ind2=" " tag="010"><subfield code="a">sn 85026659 </subfield></datafield><datafield ind1=" " ind2=" " tag="040"><subfield code="a">NPX</subfield><subfield code="b">eng</subfield><subfield code="c">NPX</subfield><subfield code="d">NVF</subfield><subfield code="d">MHN</subfield><subfield code="d">OCL</subfield><subfield code="d">MHN</subfield><subfield code="d">OCL</subfield><subfield code="d">OCLCQ</subfield><subfield code="d">OCLCF</subfield><subfield code="d">OCLCO</subfield></datafield><datafield ind1="1" ind2=" " tag="029"><subfield code="a">AU@</subfield><subfield code="b">000004368823</subfield></datafield><datafield ind1=" " ind2=" " tag="042"><subfield code="a">pcc</subfield></datafield><datafield ind1=" " ind2=" " tag="043"><subfield code="a">n-us-mi</subfield></datafield><datafield ind1="0" ind2=" " tag="130"><subfield code="a">Genesee Democrat (Flint, Mich.)</subfield></datafield><datafield ind1="1" ind2="4" tag="245"><subfield code="a">The Genesee Democrat.</subfield></datafield><datafield ind1=" " ind2=" " tag="260"><subfield code="a">Flint, Mich. :</subfield><subfield code="b">R.W. Jenny</subfield></datafield><datafield ind1=" " ind2=" " tag="300"><subfield code="a">v.</subfield></datafield><datafield ind1=" " ind2=" " tag="310"><subfield code="a">Weekly</subfield></datafield><datafield ind1=" " ind2=" " tag="500"><subfield code="a">Editors: Royal W. Jenny, C. Fellows, &lt;1874-1875&gt;.</subfield></datafield><datafield ind1=" " ind2=" " tag="500"><subfield code="a">Publishers: Royal W. Jenny, &lt;1867&gt;; Jenny &amp; Fellows, &lt;1874-1875&gt;; Royal W. Jenny, &lt;1876&gt;.</subfield></datafield><datafield ind1=" " ind2=" " tag="500"><subfield code="a">"Democratic," &lt;1867&gt;.</subfield></datafield><datafield ind1=" " ind2=" " tag="580"><subfield code="a">Sunday ed.: Sunday Democrat (Flint, Mich.).</subfield></datafield><datafield ind1=" " ind2=" " tag="588"><subfield code="a">Description based on: Vol. 17, no. 24 (Feb. 21, 1867).</subfield></datafield><datafield ind1=" " ind2="0" tag="651"><subfield code="a">Flint (Mich.)</subfield><subfield code="v">Newspapers.</subfield></datafield><datafield ind1=" " ind2="0" tag="651"><subfield code="a">Genesee County (Mich.)</subfield><subfield code="v">Newspapers.</subfield></datafield><datafield ind1=" " ind2="7" tag="655"><subfield code="a">Newspapers.</subfield><subfield code="2">fast</subfield><subfield code="0">(OCoLC)fst01423814</subfield></datafield><datafield ind1=" " ind2="7" tag="651"><subfield code="a">Michigan</subfield><subfield code="z">Flint.</subfield><subfield code="2">fast</subfield><subfield code="0">(OCoLC)fst01223011</subfield></datafield><datafield ind1=" " ind2="7" tag="651"><subfield code="a">Michigan</subfield><subfield code="z">Genesee County.</subfield><subfield code="2">fast</subfield><subfield code="0">(OCoLC)fst01214779</subfield></datafield><datafield ind1=" " ind2=" " tag="752"><subfield code="a">United States</subfield><subfield code="b">Michigan</subfield><subfield code="c">Genesee</subfield><subfield code="d">Flint.</subfield></datafield><datafield ind1="1" ind2=" " tag="775"><subfield code="t">Sunday Democrat (Flint, Mich.)</subfield><subfield code="w">(DLC)sn 85038667</subfield><subfield code="w">(OCoLC)12881521</subfield></datafield><datafield ind1="0" ind2="0" tag="780"><subfield code="t">Genesee weekly Democrat (Flint, Mich.)</subfield><subfield code="w">(DLC)sn 83016666</subfield><subfield code="w">(OCoLC)9974156</subfield></datafield></record>